<?xml version="1.0" encoding="UTF-8"?><record xmlns="http://www.loc.gov/MARC21/slim" xmlns:cinclude="http://apache.org/cocoon/include/1.0" xmlns:zs="http://www.loc.gov/zing/srw/">
  <leader>00603nz  a2200145n  4500</leader>
  <controlfield tag="001">nr2005006250</controlfield>
  <controlfield tag="003">DLC</controlfield>
  <controlfield tag="005">20050309033126.0</controlfield>
  <controlfield tag="008">050308n| acannaabn          |a aaa     c</controlfield>
  <datafield tag="010" ind1=" " ind2=" ">
    <subfield code="a">nr2005006250</subfield>
  </datafield>
  <datafield tag="040" ind1=" " ind2=" ">
    <subfield code="a">CtY-Mus</subfield>
    <subfield code="b">eng</subfield>
    <subfield code="c">CtY-Mus</subfield>
  </datafield>
  <datafield tag="100" ind1="1" ind2=" ">
    <subfield code="a">Haroutunian, Rouben</subfield>
  </datafield>
  <datafield tag="400" ind1="1" ind2=" ">
    <subfield code="a">Haroutunian, R.</subfield>
    <subfield code="q">(Rouben)</subfield>
  </datafield>
  <datafield tag="670" ind1=" " ind2=" ">
    <subfield code="a">Haroutunian, R. Chants et danses populaires d'ArmeĚnie, c2004:</subfield>
    <subfield code="b">t.p. (Rouben Haroutunian) spine (R. Haroutunian)</subfield>
  </datafield>
  <datafield tag="670" ind1=" " ind2=" ">
    <subfield code="a">Kotchnak, Armenian Music Ensemble WWW site, Mar. 8, 2005</subfield>
    <subfield code="b">(Rouben Haroutunian; b. Teheran, Ira; plays classical violinist, classical guitarist, and taĚr; singer)</subfield>
  </datafield>
</record>